1830 3420
444 278 521 337 34
849 244 1388 316 ELEGIAE.

441 353 692 415 Aspeetus
716 349 831 403 leto
850 387 866 410 ‚
892 364 1044 402 torva
1068 364 1153 399 seu
1183 347 1297 398 luce
1317 385 1337 406 ,
1373 361 1648 417 negantque
1663 382 1679 407 ‚

509 438 743 503 Dantque
768 438 868 488 frui
894 437 1002 488 vin
1020 475 1038 496 ‚
1068 438 1282 502 dantque
1295 471 1315 494 ,
1336 453 1617 506 negantque
1638 433 1756 488 mori.

442 527 622 587 Quaeso
637 542 854 592 ,negate
876 524 1007 577 mori
1020 561 1038 583 ‚
1068 523 1228 576 vitam
1248 525 1367 575 date
1382 524 1573 576 lumina
1589 562 1605 586 ,
1630 537 1775 591 quesot

507 617 630 664 Non
656 631 764 664 sum
790 616 853 665 de
879 615 1018 676 enjus
1047 627 1208 664 morte
1236 612 1527 678 triumphus
1548 629 1641 668 eat.

439 703 599 754 Labra
625 704 950 754 columbatim
981 701 1244 752 committe
1271 700 1500 751 coralina
1530 701 1703 763 labris,

509 794 620 842 Nec
647 806 793 843 vacet
817 789 992 843 officio
1020 789 1286 856 linguave,
1319 790 1508 840 deusve
1535 807 1643 843 suo.

443 885 511 933 Et
539 879 660 931 mihi
687 880 750 929 da
777 895 971 931 centum
991 916 1008 939 ‚
1033 879 1095 928 da
1121 875 1263 927 mitia
1293 874 1431 926 basia
1459 875 1630 934 mille,

513 969 594 1017 Da
620 983 766 1030 super
793 967 892 1017 hec
921 964 1143 1030 aliquid,
1173 963 1262 1015 lux
1292 979 1406 1014 mea
1424 998 1439 1022 ,
1471 979 1645 1014 numen
1671 979 1752 1012 ero.

447 1057 557 1105 Nec
584 1069 729 1119 snper
755 1053 853 1103 hec
873 1050 1086 1118 aliquid,
1115 1067 1205 1102 nec
1235 1050 1313 1102 vis
1346 1052 1463 1109 dare
1493 1052 1621 1103 basia
1635 1067 1776 1116 pauca,

512 1141 668 1190 Labra
695 1155 785 1188 nec
818 1137 1090 1189 humidulis
1120 1136 1416 1187 continuare
1440 1137 1611 1191 labriS.

443 1229 676 1290 Notaque
689 1241 778 1274 nec
795 1224 958 1275 dentis
970 1264 988 1285 ‚
1010 1242 1101 1275 nec
1121 1240 1235 1276 sunt
1253 1225 1347 1276 tibi
1366 1225 1532 1290 ptaelia
1547 1225 1729 1292 liuguae,

512 1317 776 1378 Exsuperas
801 1312 965 1366 Latias
991 1331 1046 1366 et
1074 1330 1241 1365 tamen
1264 1318 1561 1379 ‘oie-nurus.

451 1405 586 1467 Quas
609 1389 805 1467 superus
832 1404 987 1462 facie,
1016 1405 1113 1467 iam
1140 1403 1237 1465 iam
1263 1388 1517 1465 superabis
1543 1415 1593 1452 et
1618 1415 1726 1460 arte,

512 1472 653 1542 Dent
676 1491 830 1551 modo
854 1491 923 1541 Di
949 1487 1130 1541 nostris
1157 1487 1385 1539 versibus
1420 1504 1523 1539 esse
1552 1487 1701 1540 fidem.
1759 1480 1776 1487 ’

451 1581 562 1628 Nos
589 1594 744 1642 neque
774 1577 985 1629 Chaonii
1015 1576 1185 1629 vincet
1209 1575 1421 1627 lascivia
1447 1575 1594 1636 nidi,

514 1666 624 1714 Nec
657 1664 805 1714 Jovis
829 1662 1075 1715 omnivoli
1109 1661 1384 1714 deliciosus
1412 1678 1574 1714 amor.

449 1753 578 1801 Nam
607 1748 703 1800 tibi
733 1749 852 1816 quid
878 1749 1038 1814 prosit
1066 1748 1240 1799 faciem
1267 1766 1589 1815 corrumpere
1611 1748 1748 1817 rugis?

516 1842 607 1889 Ha·
629 1838 830 1889 venient
860 1835 1013 1888 fronti
1033 1873 1048 1894 ,
1078 1853 1167 1886 nec
1199 1853 1340 1886 mora
1371 1839 1529 1905 longa
1547 1877 1565 1899 ,
1589 1854 1689 1889 ωε.

455 1925 655 1986 Quidve
683 1923 961 1988 superciliis
990 1926 1164 1975 oculos
1196 1940 1404 1976 onerare
1431 1924 1675 1978 nitentes?

515 2016 623 2062 Nec
656 2028 765 2063 tota
790 2012 957 2079 nigras
988 2028 1216 2079 spargere
1245 2016 1417 2075 fronte
1446 2017 1644 2064 comas?

447 2103 663 2163 Tempus
687 2098 785 2149 erit
803 2137 818 2158 ,
851 2090 1039 2151 cariosa
1067 2118 1215 2165 specu
1244 2103 1370 2150 cum
1390 2098 1582 2150 lumina
1610 2095 1780 2150 condes,

517 2190 676 2237 Canus
705 2183 837 2236 etin
863 2185 1035 2253 gelido
1065 2184 1255 2236 vertice
1286 2184 1443 2236 crinis
1478 2185 1593 2239 erit.

445 2278 582 2324 Tunc
609 2275 791 2321 frustra
822 2272 974 2323 labris
1001 2272 1299 2337 pallentibus
1336 2273 1513 2324 oscula
1545 2289 1725 2339 queres,

512 2364 680 2425 Atque
713 2350 928 2425 aliquem‘
950 2359 1140 2410 obtusis
1167 2360 1318 2427 figere
1351 2358 1642 2413 luminibus.

444 2447 600 2495 Nulla
624 2460 809 2494 corona
840 2460 957 2495 tuos
986 2446 1180 2497 ornabit
1207 2448 1393 2497 florida
1420 2457 1626 2511 postes,

516 2530 747 2583 Cantabit
771 2547 911 2583 muto
937 2530 1109 2582 limine
1135 2533 1299 2584 nullus
1325 2551 1518 2588 amans.

447 2617 768 2695 Quin'potius
792 2619 906 2670 dum
928 2624 1026 2673 fata
1046 2619 1212 2675 sinunt
1228 2656 1244 2683 ‚
1276 2638 1330 2674 et
1349 2622 1492 2691 nigra
1513 2638 1715 2678 sororum
