1830 3420
237 229 1075 305 EPIGRAMMATA.
1262 252 1337 319 69

250 393 286 452 1·
322 391 385 454 Ν
462 393 618 457 GA
655 396 719 459 U
760 397 814 458 R
857 399 922 461 U
961 399 1051 460 M.

80 537 212 600 aest
233 547 331 599 hoc
358 564 486 600 anno
516 549 781 603 morituros
812 571 917 605 esse
946 558 1149 619 poetas:

80 634 165 686 uid
193 633 374 686 metuis
399 639 417 686 ἓ
443 635 519 687 nil
540 652 623 696 te,
651 639 845 698 Gaure,
874 637 1051 693 timere
1080 643 1244 697 decet.

220 781 351 843 IN
430 779 1071 852 RUFINUM.

111 955 274 992 coenet
299 955 445 992 nemo
479 953 591 991 tota
620 957 671 993 te
699 940 881 993 lautius
912 943 1063 1004 urbe,

80 1031 105 1080 i
131 1044 220 1080 tua
247 1046 331 1080 cur
355 1046 492 1079 rarus
518 1028 751 1091 prandia,
779 1029 977 1095 quaeris,
1008 1030 1148 1084 eam?

80 1115 182 1166 nbui
213 1115 360 1164 simul
380 1131 439 1164 ac
470 1129 633 1167 tecum
650 1156 669 1176 ,
695 1117 873 1170 Rufine
889 1151 905 1174 ‚
927 1134 1192 1186 monetque

82 1204 211 1254 imus
241 1202 294 1252 in
317 1188 568 1264 'appositas
594 1202 804 1268 impetus
832 1204 902 1254 ire
928 1204 1074 1269 dapes
1092 1224 1108 1256 :

104 1308 312 1342 onerare
336 1281 465 1340 ffleas
491 1287 687 1340 insulsis
711 1290 932 1341 versibus
961 1308 1092 1341 aures

80 1380 232 1445 cipiS‚
264 1394 316 1429 et
347 1394 499 1443 nugas
527 1376 826 1443 ingeminare
852 1391 984 1426 tuas.

80 1468 253 1520 retices
270 1483 476 1546 unquam
493 1503 509 1526 ,
530 1467 615 1516 sed
634 1466 693 1516 ab
714 1483 814 1517 ovo
835 1462 899 1512 ad
919 1462 1044 1513 mala
1061 1496 1078 1519 ,
1102 1478 1324 1519 recenses

86 1574 145 1616 x,
177 1570 331 1619 puto,
362 1570 451 1617 per
480 1569 675 1603 centurn
706 1548 920 1600 carmina
946 1553 1075 1600 facta
1101 1548 1206 1602 dies
1222 1588 1251 1623 ³„

100 1641 143 1692 si
173 1641 282 1707 quis
310 1657 448 1692 sanus
474 1640 684 1706 patienti
713 1636 968 1690 combibat
994 1654 1107 1688 aure

84 1747 166 1781 um
200 1727 495 1779 adamantini
522 1726 739 1793 pectoris
770 1744 872 1778 esse
902 1742 1093 1792 putem.

82 1816 150 1866 ris
169 1851 185 1875 ,
218 1830 303 1865 cur
324 1800 382 1884 ’te
414 1831 515 1864 non
543 1812 727 1877 possim
755 1816 885 1868 ferre
909 1816 1195 1867 canentem?
1261 1859 1265 1863 .

80 1920 187 1956 ensa
212 1902 316 1967 ipsa
346 1902 565 1968 insipido
596 1899 813 1952 carmine
845 1919 1008 1967 pressa
1039 1903 1217 1971 gemit·

203 2050 319 2117 IN
398 2048 1055 2118 FORTUNAM.

80 2226 160 2263 nna
176 2208 461 2259 inconstans
478 2246 495 2268 ,
526 2223 579 2262 et
595 2224 770 2260 neutro
793 2225 926 2263 certa
945 2222 1118 2274 paratu
1131 2244 1149 2269 ,

80 2300 108 2350 :1
132 2300 326 2350 fautura
348 2296 530 2365 premit
548 2333 563 2358 ,
595 2296 681 2349 veI
705 2296 929 2349 nocitura
954 2301 1111 2350 favet.
