1830 3420
477 258 1198 335 PRAEFATIQ
1358 219 1523 345 *fij

190 378 302 446 simo
330 426 349 457 ‚
387 404 658 466 tanquam
693 386 838 448 olim
876 390 977 449 sub
1015 390 1279 473 Augusto
1312 429 1332 460 ,
1376 383 1523 467 po‘c‘·

17 473 77 528 μ
181 499 334 548 tarum
357 489 586 571 ingenia
618 488 957 551 excitentur.
979 488 1061 549 At
1081 490 1148 550 de
1170 488 1257 548 his
1287 509 1383 567 qux
1364 486 1521 547 idem

17 573 63 629 ³*
169 587 274 648 satis
309 609 513 651 nunc.
507 607 785 663 ·tempus
815 599 899 647 est
918 625 939 656 ,
971 602 1035 647 ut
1065 587 1134 647 de
1166 587 1386 665 meipso
1413 586 1521 647 tibi

161 684 328 748 dicere
352 687 613 765 aliquid
595 687 864 765 incipiam
889 687 985 766 qui
1010 707 1145 747 cum
1174 686 1347 747 etiam
1378 704 1522 765 pue-

68 845 71 850 .
133 790 338 858 tulus}
372 806 432 849 et
467 811 500 848 a
533 786 739 847 teneris
760 825 779 855 ‚
815 804 880 845 ut
909 784 1102 845 Graeci
1138 785 1367 857 dicunt,
1404 810 1518 849 un-

141 875 380 968 guiculis
417 887 739 948 admirabili
759 885 1009 963 quodam
1037 885 1290 963 poetices
1319 909 1518 952 amore

140 985 464 1067 flagi-assem
486 1026 507 1055 ,
538 986 721 1046 multa
754 981 931 1043 etiam
959 1001 1104 1059 pene
1132 983 1190 1043 in
1226 989 1385 1047 omni
1419 1010 1522 1069 ge-

137 1104 277 1146 nere
331 1086 642 1156 carminis,
690 1102 943 1151 veteres,
992 1079 1177 1159 quoad
1229 1104 1328 1161 per
1374 1088 1523 1149 vires

135 1184 381 1247 licuerat
403 1224 423 1255 2
457 1184 708 1246 imitatus
730 1180 1172 1257 conscripseram
1194 1171 1479 1260 :quorum
1496 1228 1518 1257 ,

132 1286 315 1366 paulo
345 1283 613 1367 grandior
630 1283 811 1366 factus
824 1322 847 1350 ,
871 1279 1154 1342 nonnulla
1171 1279 1515 1360 Tardipedi,

97 1417 103 1420 ·
132 1405 201 1447 ut
243 1384 325 1446 ait
356 1384 622 1446 Catullus
649 1420 670 1449 2
703 1380 840 1440 Deo
881 1381 1133 1440 dicatam
1168 1419 1188 1449 ,
1238 1389 1519 1450 nonnulla

131 1484 497 1565 proieceram
525 1523 546 1554 ‚
593 1482 873 1542 nonnulla
917 1480 1091 1541 etiam
1126 1520 1150 1547 ,
1196 1500 1257 1542 ιιι
1284 1482 1382 1554 fit,
1419 1508 1521 1564 pe-

134 1594 239 1643 'nes
278 1603 374 1644 me
421 1582 785 1643 retinueram.
838 1579 923 1640 Ea
965 1579 1138 1662 igitur
1187 1601 1322 1643 cum
1366 1583 1519 1648 haud

132 1680 218 1743 ita
252 1681 473 1761 pridem
503 1681 700 1744 amicis
729 1680 1063 1761 quibusdam
1097 1683 1280 1755 meis,
1317 1684 1519 1769 quibus

137 1790 253 1862 eg‘o
286 1781 598 1859 plurimum
624 1784 683 1844 in
714 1783 828 1844 hoc
856 1783 1066 1864 genere
1089 1785 1276 1846 tribuo
1295 1824 1314 1855 ‚
1347 1808 1518 1848 com-

135 1880 520 1943 municassem
551 1924 573 1950 ,
609 1905 732 1968 non
767 1883 851 1945 eis‘
882 1885 1073 1944 solum
1104 1879 1191 1943 illi
1226 1884 1516 1952 calculum

137 2004 307 2042 suu-m
332 1980 626 2059 adjecere,
658 2000 859 2043 verum
881 1981 1058 2044 etiam
1086 1980 1342 2044 auctores
1373 1982 1520 2044 mihi

134 2081 406 2148 fuerunt,
453 2098 517 2140 ut
567 2082 782 2144 edenda
827 2104 1031 2148 eorum
1079 2085 1279 2143 saltem
1326 2081 1516 2158 aliqua

134 2199 298 2260 parte
332 2179 540 2259 judicia
572 2180 878 2261 hominum
910 2185 1214 2263 experirer.
1241 2184 1517 2242 Assensu's

132 2301 265 2341 sum
286 2317 307 2349 ‚
343 2272 408 2340 ut
436 2283 587 2359 quod
620 2304 821 2345 verum
852 2301 936 2344 est
955 2323 975 2353 ,
1012 2283 1258 2365 ingenue
1292 2283 1470 2343 fatear
1496 2302 1522 2334 t

133 2399 256 2439 non
286 2379 595 2442 admodum
619 2401 850 2464 gravate
878 2406 896 2443 ε
937 2401 1058 2444 tum
1092 2380 1245 2461 quod
1280 2401 1366 2440 res
1396 2396 1516 2440 non
1586 2374 1588 2376 ’

132 2477 335 2558 magni
366 2479 602 2555 periculi
635 2481 966 2555 xideretur3
1002 2499 1126 2541 tum
1164 2479 1315 2557 quod
1346 2473 1519 2540 facile

127 2575 487 2639 confiderem
524 2578 648 2640 fore
674 2598 815 2650 me,
837 2580 894 2641 si
934 2598 1099 2648 non,
1134 2597 1198 2639 ut
1220 2577 1299 2638 ait
1320 2575 1518 2638 Hora-'-

1117 2676 1173 2734 A
1216 2674 1274 2738 iv
