1830 3420
558 247 1067 318 ELEGIAE.
1424 260 1498 325 '41

105 352 251 408 Ecce
272 357 446 407 Venus
464 354 609 418 pullo
632 354 809 413 vestita
834 355 1021 406 incedit
1039 351 1220 403 amictu
1241 384 1257 411 ,

181 443 581 508 Dilaceransque
609 457 787 507 genas,
820 440 1183 506 dilaceransque
1220 455 1411 489 comas.

104 531 179 580 Et
213 531 460 595 pharetra
488 525 706 586 oblitus,
735 529 972 592 luctuque
1002 528 1256 579 immersus
1283 525 1463 576 acerbo
1480 557 1499 584 ‚

182 613 411 666 Nasonis
440 629 606 666 cantat
632 612 847 663 carmina
872 629 1071 665 mestus
1099 615 1284 666 Amor.

123 706 239 769 Ipse
275 721 385 754 suas
412 706 560 755 Ianus
589 699 881 764 damnatque
898 734 915 757 ,
948 701 1152 768 oditque
1172 701 1439 764 Calend283

183 794 254 840 Et
283 807 369 840 sua
395 790 458 839 de
486 786 626 839 fastis
655 786 836 836 tollere
863 790 988 838 festa
1017 805 1177 855 parat.

117 878 239 927 Flet
261 893 459 942 quoque
475 879 737 941 Neptunus
753 910 768 933 ,
784 874 877 925 flet
893 875 1153 927 raucisona
1173 876 1510 941 Amphitrite3

191 968 262 1015 Et
287 961 453 1028 patrio
482 963 648 1028 plorat
679 961 878 1028 gurgite
909 980 1068 1014 mersa
1092 961 1286 1014 Thetis.

122 1051 346 1116 Peligna
366 1047 629 1115 lachrymis
648 1049 862 1114 implent
877 1067 989 1101 rura
1016 1047 1181 1100 omnia
1201 1052 1463 1117 Nymphae,

194 1143 260 1189 Et
278 1135 509 1204 querulus
524 1134 701 1187 Patavi
721 1151 942 1199 permeat
960 1154 1072 1198 arva
1092 1139 1273 1192 Padus.

125 1232 269 1278 Tune
287 1225 442 1292 igitur
458 1224 732 1289 lachrymas
750 1222 986 1274 retinebis
1000 1259 1017 1282 ,
1036 1228 1219 1283 Roma,
1240 1225 1469 1279 cadentes
1482 1264 1498 1287 ‚

192 1318 305 1365 Nec
336 1311 525 1378 potetis
553 1306 657 1361 celi
677 1307 927 1374 questibus
953 1327 1058 1361 esse
1088 1317 1289 1364 comes?

122 1401 227 1455 Hei
252 1397 373 1450 mihi
388 1433 403 1455 ‚
425 1394 542 1463 quid
564 1410 615 1446 te
635 1395 758 1447 olim
773 1435 789 1456 ‚
822 1399 1022 1448 demens
1044 1398 1272 1463 Auguste
1288 1439 1305 1460 ‚
1329 1403 1504 1470 coegit

190 1485 408 1540 Nasonis
437 1502 628 1536 sacrum
660 1484 729 1536 sic
763 1485 956 1536 violare
985 1490 1159 1550 capud

125 1575 291 1627 :Julius
320 1574 417 1622 hoc
449 1569 572 1620 olim
604 1591 707 1639 εφη
733 1573 860 1625 fecit
888 1574 1160 1627 avunculus
1180 1610 1195 1632 ,
1228 1572 1321 1626 ine

197 1661 300 1725 Qui
331 1658 472 1712 dedit
500 1650 885 1727 ltalioe'sceptta
901 1664 1117 1713 secunda
1144 1661 1261 1716 tibi.

126 1754 193 1801 Et
219 1765 268 1800 te
294 1751 393 1813 jam
424 1748 604 1800 merito
635 1748 931 1799 clementem
960 1748 1126 1800 dicere
1154 1749 1401 1816 quisquam
1424 1786 1439 1814 ‚

193 1836 519 1903 Ingeniumve
545 1850 718 1901 potest
745 1836 910 1886 dicere
938 1836 1060 1889 mite
1094 1837 1220 1889 tibi!
1411 1829 1420 1836 ’

124 1925 248 1989 Quae
278 1939 522 1989 nunquam
550 1923 771 1991 Augusti
798 1924 969 1990 potuit
990 1925 1149 1977 lenire
1176 1928 1389 1977 furorem
1409 1954 1456 1987 ,—

191 2011 354 2063 Scivit
376 2011 664 2062 inhumanos
691 2010 896 2063 flectere
921 2030 1053 2064 musa
1086 2015 1259 2065 Getas.

122 2101 351 2163 Namque
382 2097 656 2148 Tomitanis
686 2099 799 2149 exul
823 2100 1025 2165 lugetur
1059 2098 1112 2149 in
1142 2098 1245 2150 oris
1263 2135 1282 2160 ‚

170 2183 480 2250 *Nasonique
505 2199 647 2250 parat
677 2185 878 2236 barbara
907 2186 1051 2238 turba
1078 2205 1256 2255 rogos·

122 2273 313 2336 lugete
332 2306 348 2329 ,
375 2270 410 2322 ὂ
434 2270 601 2322 miseri
631 2286 801 2329 vates,
829 2287 1090 2339 totumque
1118 2276 1288 2339 jubete

189 2356 477 2408 Parnassum
509 2358 726 2410 alternos
753 2359 1058 2428 ingeminare
1091 2377 1264 2413 sonos·

129 2442 386 2495 Flentibus
410 2462 473 2495 en
491 2443 651 2497 aderit
673 2440 882 2497 Phoebus
898 2481 915 2507 ,
947 2448 1204 2514 Pallasque
1241 2446 1462 2510 favebit,

192 2534 257 2581 Et
282 2548 487 2604 peraget
515 2547 677 2599 partes
708 2547 886 2585 numen
920 2551 1181 2602 utrumque
1212 2552 1337 2587 suas.

125 2618 234 2671 Vos
253 2637 449 2692 quoque
465 2656 483 2687 ,
511 2638 636 2689 quos
655 2619 759 2673 caeli
782 2621 1069 2692 dignissima
1088 2640 1201 2689 cura
1217 2621 1396 2737 saggat
1410 2656 1430 2684 ,
