1830 3420
359 254 435 307 τό
713 263 737 275 ··
823 240 1257 308 SYLVAE.

356 342 593 398 Delebo'
578 356 760 402 iratus,
790 338 953 391 nostri
985 326 1303 411 monumenta
1330 337 1544 394 doloris.

423 428 686 488 Desierat,
717 445 831 480 toto
857 429 1081 480 exoritur
1109 447 1218 479 cum
1238 443 1456 478 murmur
1488 428 1728 493 olympo·

354 521 475 566 Sunt
485 532 569 580 qui
555 515 715 565 dicta
730 516 963 580 probent,
979 519 1271 582 scelerumq3
1285 530 1550 578 exposcere
1563 509 1729 580 poenas

355 607 446 656 Fas
458 619 737 669 aequumque
753 618 961 666 putant·
947 636 961 663 ‚
984 621 1094 668 pars
1110 602 1330 670 quamvis
1346 601 1521 654 ultima
1539 619 1707 669 regem

357 689 720 742 Commeruisse
744 690 933 749 sciant,
972 690 1163 742 blandis
1193 705 1358 744 tamen
1385 690 1551 755 omnia
1574 691 1727 748 ,dictis

357 777 601 829 Emollire
617 792 789 842 parant
805 814 821 836 ,
848 782 1126 845 {astumque
1154 793 1318 827 arcere
1341 781 1585 831 finrorem.

352 865 603 931 Praecipue
635 865 818 915 blando
849 864 976 917 lenis
1005 865 1280 918 Clementia
1310 866 1455 917 vultu

357 951 690 1017 Conqueritur
702 953 975 1019 lacrymans
989 973 1002 1004 :
1022 970 1110 1004 nec
1128 953 1257 1004 enim
1270 951 1309 1003 si
1324 954 1543 1023 plectere
1557 954 1723 1021 dignis

354 1037 619 1103 Suppliciis
648 1037 873 1089 homines
899 1040 1126 1103 placeat,
1154 1043 1249 1104 jam
1274 1041 1485 1093 ‚fulmina
1510 1059 1656 1107 posse
1687 1059 1693 1069 ²

353 1127 585 1178 Sufficere
605 1162 620 1184 ,
658 1141 742 1175 aut
771 1124 955 1176 animas
983 1125 1213 1191 deineeps
1242 1141 1441 1190 captura
1468 1144 1704 1182 nocentes

353 1217 554 1264 Tartara
575 1248 590 1271 ,
619 1214 865 1262 desertum
885 1217 993 1263 fore
1010 1230 1127 1263 mox
1146 1205 1250 1263 sine
1269 1213 1459 1267 civibus
1476 1218 1672 1272 orbem·

353 1308 553 1357 Frustra
579 1299 732 1365 igitur
758 1297 911 1349 toties
941 1298 1135 1350 miseris
1162 1302 1454 1365 mortalibus
1480 1305 1607 1356 olim

352 1395 442 1443 Est
466 1387 708 1455 promissa
735 1390 866 1440 salus
884 1423 898 1445 ‚
934 1405 958 1436 t
991 1401 1079 1438 nec
1112 1404 1329 1439 crescere
1358 1389 1504 1456 virga
1532 1391 1720 1444 sinetur

339 1481 621 1542 *Exspectata
650 1473 781 1540 piis!
808 1479 902 1524 Sua
931 1489 1047 1525 sunt
1071 1489 1198 1525 stata
1224 1486 1451 1542 tempora
1472 1493 1651 1543 poenae‚

353 1570 554 1628 Integra
574 1579 683 1623 cum
702 1565 871 1621 mundi
890 1563 1110 1628 peritura
1128 1578 1204 1612 est
1224 1563 1696 1620 machina-flammis.
1733 1597 1736 1599 -

352 1654 464 1708 Ne,
498 1649 749 1707 Genitor,
779 1652 840 1698 rie
858 1665 909 1699 te
940 1650 1189 1699 crudelem
1218 1651 1419 1702 nomine
1447 1651 1580 1714 dici',

353 1745 530 1803 Quaeso
550 1774 565 1797 ,
590 1736 718 1790 sinas
737 1752 847 1788 :tua
862 1750 985 1788 nota
1008 1736 1127 1788 satis
1154 1754 1269 1789 sunt
1294 1737 1492 1799 numina
1511 1738 1718 1792 mundo·

311 1842 315 1845 ·
349 1832 426 1885 At
447 1827 496 1879 si
524 1843 663 1891 poena
694 1825 894 1889 placet,
927 1824 968 1873 si
997 1840 1075 1874 res
1101 1840 1201 1875 tam
1230 1841 1351 1877 saeva
1379 1826 1651 1889 probatur,
1675 1866 1696 1879 .,

348 1919 464 1969 Hoc
502 1916 650 1966 unum
689 1912 859 1979 rogito
891 1913 1095 1977 supplex
1118 1949 1133 1971 ,
1171 1915 1268 1964 hoc
1292 1929 1503 1978 pectore
1534 1911 1678 1964 toto'

346 2002 546 2069 Flagito
565 2039 580 2061 ,
610 2006 682 2053 fas
710 2018 765 2053 ut
793 2000 860 2052 sit
888 2000 1089 2050 sceleris
1120 2001 1364 2053 monuisse
1396 2003 1585 2067 peracti

348 2089 595 2142 Davidem
617 2108 643 2139 2
667 2106 680 2140 t
713 2092 842 2139 feret
870 2090 959 2139 ille
988 2105 1157 2153 preces
1177 2125 1191 2147 ,
1223 2076 1520 2156 tandemque·
1546 2094 1716 2141 furore

345 2178 596 2241 Deposito
616 2213 632 2236 ,
667 2178 826 2228 scelus
852 2179 952 2236 hoc
988 2177 1066 2227 illi
1099 2194 1369 2243 noxamque
1399 2176 1643 2229 remittes.
1680 2207 1686 2220 ›

413 2266 512 2318 Vix
538 2267 663 2316 bene
699 2264 911 2318 desierat
938 2263 1076 2313 mitis
1106 2266 1383 2317 Clementia
1411 2266 1617 2316 blandas

346 2358 492 2407 Ferre
525 2367 695 2415 preces
713 2386 729 2409 ,
762 2365 874 2404 cum
904 2350 1136 2413 deposita
1158 2354 1303 2406 Pater
1334 2355 1550 2419 optimus
1578 2352 1681 2413 ira,

347 2444 656 2503 conceptum
685 2440 881 2522 penitus
914 2436 1069 2488 dilabi
1102 2442 1253 2491 eorde
1285 2442 1500 2522 calorem

342 2524 532 2589 Sensit,
565 2540 615 2579 et
648 2524 749 2579 haec
760 2529 972 2617 tandem
1005 2529 1177 2579 sedato
1206 2545 1410 2593 pectore
1437 2532 1603 2579 fatur.

403 2636 702 2690 3U2Re52.
1021 2636 1416 2683 32NJ2Eccl2

1274 2709 1280 2714 ·
1509 2694 1707 2757 Ergone
