<?xml version="1.0" encoding="UTF-8"?>
<!DOCTYPE html PUBLIC "-//W3C//DTD XHTML 1.0 Transitional//EN"
    "http://www.w3.org/TR/xhtml1/DTD/xhtml1-transitional.dtd">
<html xmlns="http://www.w3.org/1999/xhtml" xml:lang="en" lang="en">
 <head>
  <title>
</title>
<meta http-equiv="Content-Type" content="text/html;charset=utf-8" />
  <meta name='ocr-system' content='tesseract 3.04.00' />
  <meta name='ocr-capabilities' content='ocr_page ocr_carea ocr_par ocr_line ocrx_word'/>
</head>
<body>
  <div class='ocr_page' id='page_1' title='image "./theodoribezaeve02bzgoog_0279.png"; bbox 0 0 1830 3420; ppageno 0'>
   <div class='ocr_carea' id='block_1_1' title="bbox 432 236 1398 327">
    <p class='ocr_par' dir='ltr' id='par_1_1' title="bbox 432 236 1398 327">
     <span class='ocr_line' id='line_1_1' title="bbox 432 236 1398 327; baseline 0 -21"><span class='ocrx_word' id='word_1_1' title='bbox 432 236 1022 327; x_wconf 46' lang='lat' dir='ltr'><strong>.ELEG1‚AE.‘</strong></span> <span class='ocrx_word' id='word_1_2' title='bbox 1331 269 1398 327; x_wconf 87' lang='lat'>33</span> 
     </span>
    </p>
   </div>
   <div class='ocr_carea' id='block_1_2' title="bbox 51 343 1381 662">
    <p class='ocr_par' dir='ltr' id='par_1_2' title="bbox 51 343 1381 491">
     <span class='ocr_line' id='line_1_2' title="bbox 51 343 1381 410; baseline -0.002 -11"><span class='ocrx_word' id='word_1_3' title='bbox 51 350 158 399; x_wconf 75' lang='lat' dir='ltr'>Nec</span> <span class='ocrx_word' id='word_1_4' title='bbox 190 361 273 396; x_wconf 79' lang='lat' dir='ltr'>me</span> <span class='ocrx_word' id='word_1_5' title='bbox 292 343 479 396; x_wconf 62' lang='lat' dir='ltr'>hedera</span> <span class='ocrx_word' id='word_1_6' title='bbox 511 344 671 397; x_wconf 83' lang='lat' dir='ltr'>varius</span> <span class='ocrx_word' id='word_1_7' title='bbox 696 345 942 410; x_wconf 73' lang='lat' dir='ltr'>superabit</span> <span class='ocrx_word' id='word_1_8' title='bbox 965 349 1017 400; x_wconf 87' lang='lat' dir='ltr'>in</span> <span class='ocrx_word' id='word_1_9' title='bbox 1041 346 1163 400; x_wconf 80' lang='lat' dir='ltr'>ilice</span> <span class='ocrx_word' id='word_1_10' title='bbox 1183 347 1381 405; x_wconf 75' lang='lat' dir='ltr'>nodus,</span> 
     </span>
     <span class='ocr_line' id='line_1_3' title="bbox 110 430 1226 491; baseline 0.003 -8"><span class='ocrx_word' id='word_1_11' title='bbox 110 430 320 484; x_wconf 81' lang='lat' dir='ltr'>Brachia</span> <span class='ocrx_word' id='word_1_12' title='bbox 336 467 352 491; x_wconf 91' lang='lat'><strong>,</strong></span> <span class='ocrx_word' id='word_1_13' title='bbox 373 447 513 483; x_wconf 83' lang='lat' dir='ltr'>erunt</span> <span class='ocrx_word' id='word_1_14' title='bbox 544 433 684 484; x_wconf 86' lang='lat' dir='ltr'>collo</span> <span class='ocrx_word' id='word_1_15' title='bbox 713 434 785 484; x_wconf 80' lang='lat' dir='ltr'>sic</span> <span class='ocrx_word' id='word_1_16' title='bbox 809 452 918 486; x_wconf 80' lang='lat' dir='ltr'>mea</span> <span class='ocrx_word' id='word_1_17' title='bbox 942 451 1063 486; x_wconf 79' lang='lat' dir='ltr'>nexa</span> <span class='ocrx_word' id='word_1_18' title='bbox 1088 451 1226 486; x_wconf 67' lang='lat' dir='ltr'>met·-</span> 
     </span>
    </p>

    <p class='ocr_par' dir='ltr' id='par_1_3' title="bbox 51 521 1172 662">
     <span class='ocr_line' id='line_1_4' title="bbox 51 521 1146 589; baseline 0.001 -17"><span class='ocrx_word' id='word_1_19' title='bbox 51 522 123 572; x_wconf 79' lang='lat' dir='ltr'>At</span> <span class='ocrx_word' id='word_1_20' title='bbox 158 537 254 571; x_wconf 85' lang='lat' dir='ltr'>vos</span> <span class='ocrx_word' id='word_1_21' title='bbox 283 521 515 586; x_wconf 80' lang='lat' dir='ltr'>purpurei</span> <span class='ocrx_word' id='word_1_22' title='bbox 543 537 682 588; x_wconf 86' lang='lat' dir='ltr'>reges</span> <span class='ocrx_word' id='word_1_23' title='bbox 713 521 961 589; x_wconf 74' lang='lat' dir='ltr'>ignoscite</span> <span class='ocrx_word' id='word_1_24' title='bbox 990 521 1111 573; x_wconf 80' lang='lat' dir='ltr'>victi</span> <span class='ocrx_word' id='word_1_25' title='bbox 1129 558 1146 582; x_wconf 90' lang='lat'><strong>,</strong></span> 
     </span>
     <span class='ocr_line' id='line_1_5' title="bbox 109 606 1172 662; baseline -0.001 -2"><span class='ocrx_word' id='word_1_26' title='bbox 109 606 266 660; x_wconf 80' lang='lat' dir='ltr'>Risus</span> <span class='ocrx_word' id='word_1_27' title='bbox 295 620 440 659; x_wconf 86' lang='lat' dir='ltr'>erunt</span> <span class='ocrx_word' id='word_1_28' title='bbox 469 623 640 661; x_wconf 68' lang='lat' dir='ltr'>vestre.</span> <span class='ocrx_word' id='word_1_29' title='bbox 667 623 782 660; x_wconf 87' lang='lat' dir='ltr'>tunc</span> <span class='ocrx_word' id='word_1_30' title='bbox 814 609 939 661; x_wconf 84' lang='lat' dir='ltr'>mihi</span> <span class='ocrx_word' id='word_1_31' title='bbox 964 606 1172 662; x_wconf 69' lang='lat' dir='ltr'>divitia.</span> 
     </span>
    </p>
   </div>
   <div class='ocr_carea' id='block_1_3' title="bbox 49 770 1416 1015">
    <p class='ocr_par' dir='ltr' id='par_1_4' title="bbox 49 770 1416 1015">
     <span class='ocr_line' id='line_1_6' title="bbox 49 770 1416 858; baseline -0.001 -1"><span class='ocrx_word' id='word_1_32' title='bbox 49 770 1416 858; x_wconf 55' lang='grc' dir='ltr'>ῊῪῊῊἩὛῩἪῊΨἭ</span> 
     </span>
     <span class='ocr_line' id='line_1_7' title="bbox 451 943 1026 1015; baseline 0.016 -9"><span class='ocrx_word' id='word_1_33' title='bbox 451 943 502 1006; x_wconf 75' lang='lat' dir='ltr'>E</span> <span class='ocrx_word' id='word_1_34' title='bbox 528 945 575 1006; x_wconf 89' lang='lat' dir='ltr'>L</span> <span class='ocrx_word' id='word_1_35' title='bbox 600 948 647 1008; x_wconf 84' lang='lat' dir='ltr'><strong>E</strong></span> <span class='ocrx_word' id='word_1_36' title='bbox 675 948 735 1010; x_wconf 91' lang='lat' dir='ltr'>G</span> <span class='ocrx_word' id='word_1_37' title='bbox 757 951 784 1010; x_wconf 92' lang='lat'>1</span> <span class='ocrx_word' id='word_1_38' title='bbox 806 953 867 1011; x_wconf 81' lang='lat' dir='ltr'>A</span> <span class='ocrx_word' id='word_1_39' title='bbox 938 951 1026 1015; x_wconf 86' lang='lat' dir='ltr'>v.</span> 
     </span>
    </p>
   </div>
   <div class='ocr_carea' id='block_1_4' title="bbox 43 1102 1358 2653">
    <p class='ocr_par' dir='ltr' id='par_1_5' title="bbox 52 1102 1156 1259">
     <span class='ocr_line' id='line_1_8' title="bbox 52 1102 1156 1171; baseline 0.002 -14"><span class='ocrx_word' id='word_1_40' title='bbox 52 1111 160 1158; x_wconf 85' lang='lat' dir='ltr'>Una</span> <span class='ocrx_word' id='word_1_41' title='bbox 189 1119 323 1155; x_wconf 84' lang='lat' dir='ltr'>meas</span> <span class='ocrx_word' id='word_1_42' title='bbox 350 1102 506 1171; x_wconf 85' lang='lat' dir='ltr'>igitur</span> <span class='ocrx_word' id='word_1_43' title='bbox 532 1103 748 1155; x_wconf 76' lang='lat' dir='ltr'>versabit</span> <span class='ocrx_word' id='word_1_44' title='bbox 770 1103 953 1157; x_wconf 84' lang='lat' dir='ltr'>femina</span> <span class='ocrx_word' id='word_1_45' title='bbox 980 1112 1156 1159; x_wconf 69' lang='lat' dir='ltr'>curas!</span> 
     </span>
     <span class='ocr_line' id='line_1_9' title="bbox 114 1189 1143 1259; baseline 0.001 -17"><span class='ocrx_word' id='word_1_46' title='bbox 114 1201 316 1258; x_wconf 76' lang='lat' dir='ltr'>Unaque</span> <span class='ocrx_word' id='word_1_47' title='bbox 348 1189 417 1242; x_wconf 80' lang='lat' dir='ltr'>mi</span> <span class='ocrx_word' id='word_1_48' title='bbox 446 1189 599 1248; x_wconf 83' lang='lat' dir='ltr'>risus,</span> <span class='ocrx_word' id='word_1_49' title='bbox 628 1209 812 1259; x_wconf 87' lang='lat' dir='ltr'>unaque</span> <span class='ocrx_word' id='word_1_50' title='bbox 838 1196 986 1246; x_wconf 86' lang='lat' dir='ltr'>fletus</span> <span class='ocrx_word' id='word_1_51' title='bbox 1011 1192 1143 1245; x_wconf 73' lang='lat' dir='ltr'>erit?</span> 
     </span>
    </p>

    <p class='ocr_par' dir='ltr' id='par_1_6' title="bbox 47 1278 1358 1434">
     <span class='ocr_line' id='line_1_10' title="bbox 47 1278 1231 1345; baseline -0.007 -9"><span class='ocrx_word' id='word_1_52' title='bbox 47 1291 153 1336; x_wconf 86' lang='lat' dir='ltr'>Una</span> <span class='ocrx_word' id='word_1_53' title='bbox 172 1283 306 1336; x_wconf 26' lang='lat' dir='ltr'>*mihi</span> <span class='ocrx_word' id='word_1_54' title='bbox 329 1284 509 1345; x_wconf 76' lang='lat' dir='ltr'>,dulces</span> <span class='ocrx_word' id='word_1_55' title='bbox 535 1278 686 1330; x_wconf 86' lang='lat' dir='ltr'>facies</span> <span class='ocrx_word' id='word_1_56' title='bbox 714 1282 1051 1334; x_wconf 81' lang='lat' dir='ltr'>moderabitur</span> <span class='ocrx_word' id='word_1_57' title='bbox 1080 1296 1231 1329; x_wconf 84' lang='lat' dir='ltr'>annos</span> 
     </span>
     <span class='ocr_line' id='line_1_11' title="bbox 119 1363 1358 1434; baseline -0.006 -13"><span class='ocrx_word' id='word_1_58' title='bbox 119 1374 267 1434; x_wconf 79' lang='lat' dir='ltr'>Quos</span> <span class='ocrx_word' id='word_1_59' title='bbox 295 1368 415 1420; x_wconf 87' lang='lat' dir='ltr'>mihi</span> <span class='ocrx_word' id='word_1_60' title='bbox 445 1368 755 1432; x_wconf 81' lang='lat' dir='ltr'>Persephone</span> <span class='ocrx_word' id='word_1_61' title='bbox 784 1387 885 1421; x_wconf 89' lang='lat' dir='ltr'>non</span> <span class='ocrx_word' id='word_1_62' title='bbox 913 1368 1059 1421; x_wconf 83' lang='lat' dir='ltr'>volet</span> <span class='ocrx_word' id='word_1_63' title='bbox 1085 1383 1186 1416; x_wconf 87' lang='lat' dir='ltr'>esse</span> <span class='ocrx_word' id='word_1_64' title='bbox 1218 1363 1301 1415; x_wconf 90' lang='lat' dir='ltr'>diu</span> <span class='ocrx_word' id='word_1_65' title='bbox 1335 1367 1358 1413; x_wconf 73' lang='grc' dir='ltr'><strong>Ξ</strong></span> 
     </span>
    </p>

    <p class='ocr_par' dir='ltr' id='par_1_7' title="bbox 49 1450 1304 1605">
     <span class='ocr_line' id='line_1_12' title="bbox 49 1450 1304 1518; baseline -0.008 -9"><span class='ocrx_word' id='word_1_66' title='bbox 49 1461 184 1509; x_wconf 85' lang='lat' dir='ltr'>Nam</span> <span class='ocrx_word' id='word_1_67' title='bbox 211 1473 295 1506; x_wconf 84' lang='lat' dir='ltr'>seu</span> <span class='ocrx_word' id='word_1_68' title='bbox 326 1455 445 1504; x_wconf 88' lang='lat' dir='ltr'>dura</span> <span class='ocrx_word' id='word_1_69' title='bbox 477 1469 616 1503; x_wconf 88' lang='lat' dir='ltr'>meos</span> <span class='ocrx_word' id='word_1_70' title='bbox 649 1452 736 1504; x_wconf 85' lang='lat' dir='ltr'>illa</span> <span class='ocrx_word' id='word_1_71' title='bbox 764 1453 1102 1508; x_wconf 75' lang='lat' dir='ltr'>adversabitur</span> <span class='ocrx_word' id='word_1_72' title='bbox 1132 1450 1270 1518; x_wconf 87' lang='lat' dir='ltr'>ignes</span> <span class='ocrx_word' id='word_1_73' title='bbox 1288 1484 1304 1507; x_wconf 90' lang='lat'><strong>,</strong></span> 
     </span>
     <span class='ocr_line' id='line_1_13' title="bbox 117 1540 1298 1605; baseline -0.003 -11"><span class='ocrx_word' id='word_1_74' title='bbox 117 1549 210 1594; x_wconf 88' lang='lat' dir='ltr'>Seu</span> <span class='ocrx_word' id='word_1_75' title='bbox 238 1540 437 1591; x_wconf 84' lang='lat' dir='ltr'>facilem</span> <span class='ocrx_word' id='word_1_76' title='bbox 462 1558 566 1592; x_wconf 85' lang='lat' dir='ltr'>sese</span> <span class='ocrx_word' id='word_1_77' title='bbox 601 1543 686 1593; x_wconf 83' lang='lat' dir='ltr'>dat</span> <span class='ocrx_word' id='word_1_78' title='bbox 712 1543 869 1604; x_wconf 77' lang='lat' dir='ltr'>mihi,</span> <span class='ocrx_word' id='word_1_79' title='bbox 891 1558 1055 1602; x_wconf 85' lang='lat' dir='ltr'>morte</span> <span class='ocrx_word' id='word_1_80' title='bbox 1081 1554 1298 1605; x_wconf 86' lang='lat' dir='ltr'>premor.</span> 
     </span>
    </p>

    <p class='ocr_par' dir='ltr' id='par_1_8' title="bbox 47 1626 1358 1769">
     <span class='ocr_line' id='line_1_14' title="bbox 47 1626 1358 1691; baseline -0.006 -9"><span class='ocrx_word' id='word_1_81' title='bbox 47 1634 159 1682; x_wconf 90' lang='lat' dir='ltr'>Nec</span> <span class='ocrx_word' id='word_1_82' title='bbox 187 1626 308 1678; x_wconf 87' lang='lat' dir='ltr'>mihi</span> <span class='ocrx_word' id='word_1_83' title='bbox 339 1627 442 1680; x_wconf 86' lang='lat' dir='ltr'>vita</span> <span class='ocrx_word' id='word_1_84' title='bbox 468 1643 636 1691; x_wconf 80' lang='lat' dir='ltr'>potest</span> <span class='ocrx_word' id='word_1_85' title='bbox 661 1629 775 1680; x_wconf 91' lang='lat' dir='ltr'>duci</span> <span class='ocrx_word' id='word_1_86' title='bbox 805 1632 894 1682; x_wconf 84' lang='lat' dir='ltr'>sub</span> <span class='ocrx_word' id='word_1_87' title='bbox 925 1645 1089 1681; x_wconf 83' lang='lat' dir='ltr'>amore</span> <span class='ocrx_word' id='word_1_88' title='bbox 1118 1626 1317 1679; x_wconf 83' lang='lat' dir='ltr'>sinistro</span> <span class='ocrx_word' id='word_1_89' title='bbox 1336 1660 1358 1685; x_wconf 85' lang='lat'>,</span> 
     </span>
     <span class='ocr_line' id='line_1_15' title="bbox 115 1716 1117 1769; baseline 0.001 -2"><span class='ocrx_word' id='word_1_90' title='bbox 115 1721 254 1767; x_wconf 85' lang='lat' dir='ltr'>Inter</span> <span class='ocrx_word' id='word_1_91' title='bbox 283 1716 518 1766; x_wconf 84' lang='lat' dir='ltr'>mortales</span> <span class='ocrx_word' id='word_1_92' title='bbox 550 1732 639 1767; x_wconf 91' lang='lat' dir='ltr'>nec</span> <span class='ocrx_word' id='word_1_93' title='bbox 672 1718 813 1769; x_wconf 83' lang='lat' dir='ltr'>lotus</span> <span class='ocrx_word' id='word_1_94' title='bbox 841 1735 943 1769; x_wconf 87' lang='lat' dir='ltr'>esse</span> <span class='ocrx_word' id='word_1_95' title='bbox 974 1720 1117 1768; x_wconf 23' lang='lat' dir='ltr'>Deo-⁷</span> 
     </span>
    </p>

    <p class='ocr_par' dir='ltr' id='par_1_9' title="bbox 48 1802 1345 1957">
     <span class='ocr_line' id='line_1_16' title="bbox 48 1802 1345 1869; baseline -0.003 -12"><span class='ocrx_word' id='word_1_96' title='bbox 48 1805 143 1858; x_wconf 83' lang='lat' dir='ltr'>Sed</span> <span class='ocrx_word' id='word_1_97' title='bbox 176 1802 344 1869; x_wconf 82' lang='lat' dir='ltr'>potius</span> <span class='ocrx_word' id='word_1_98' title='bbox 375 1802 559 1854; x_wconf 87' lang='lat' dir='ltr'>moriar</span> <span class='ocrx_word' id='word_1_99' title='bbox 587 1819 638 1856; x_wconf 90' lang='lat' dir='ltr'>te</span> <span class='ocrx_word' id='word_1_100' title='bbox 668 1821 718 1857; x_wconf 88' lang='lat' dir='ltr'>te</span> <span class='ocrx_word' id='word_1_101' title='bbox 736 1844 754 1865; x_wconf 89' lang='lat'><em>‚</em></span> <span class='ocrx_word' id='word_1_102' title='bbox 783 1822 889 1856; x_wconf 84' lang='lat' dir='ltr'>mea</span> <span class='ocrx_word' id='word_1_103' title='bbox 918 1802 1055 1862; x_wconf 84' lang='lat' dir='ltr'>vita,</span> <span class='ocrx_word' id='word_1_104' title='bbox 1087 1803 1301 1853; x_wconf 85' lang='lat' dir='ltr'>tenendo</span> <span class='ocrx_word' id='word_1_105' title='bbox 1320 1836 1345 1859; x_wconf 76' lang='lat'><strong><em>‚</em></strong></span> 
     </span>
     <span class='ocr_line' id='line_1_17' title="bbox 115 1892 1272 1957; baseline -0.001 -15"><span class='ocrx_word' id='word_1_106' title='bbox 115 1897 271 1957; x_wconf 81' lang='lat' dir='ltr'>Inque</span> <span class='ocrx_word' id='word_1_107' title='bbox 298 1906 409 1940; x_wconf 86' lang='lat' dir='ltr'>tuos</span> <span class='ocrx_word' id='word_1_108' title='bbox 435 1892 664 1942; x_wconf 84' lang='lat' dir='ltr'>humeros</span> <span class='ocrx_word' id='word_1_109' title='bbox 694 1894 861 1941; x_wconf 84' lang='lat' dir='ltr'>funera</span> <span class='ocrx_word' id='word_1_110' title='bbox 886 1907 1053 1941; x_wconf 87' lang='lat' dir='ltr'>nostra</span> <span class='ocrx_word' id='word_1_111' title='bbox 1079 1892 1272 1941; x_wconf 81' lang='lat' dir='ltr'>cadant.</span> 
     </span>
    </p>

    <p class='ocr_par' dir='ltr' id='par_1_10' title="bbox 49 1976 1212 2128">
     <span class='ocr_line' id='line_1_18' title="bbox 49 1976 1212 2041; baseline -0.003 -11"><span class='ocrx_word' id='word_1_112' title='bbox 49 1982 239 2030; x_wconf 85' lang='lat' dir='ltr'>Funera</span> <span class='ocrx_word' id='word_1_113' title='bbox 268 1977 329 2040; x_wconf 83' lang='lat' dir='ltr'>de</span> <span class='ocrx_word' id='word_1_114' title='bbox 354 1976 501 2027; x_wconf 89' lang='lat' dir='ltr'>tereti</span> <span class='ocrx_word' id='word_1_115' title='bbox 533 1976 708 2027; x_wconf 86' lang='lat' dir='ltr'>melius</span> <span class='ocrx_word' id='word_1_116' title='bbox 737 1977 1003 2041; x_wconf 87' lang='lat' dir='ltr'>pendentia</span> <span class='ocrx_word' id='word_1_117' title='bbox 1034 1979 1172 2028; x_wconf 86' lang='lat' dir='ltr'>collo</span> <span class='ocrx_word' id='word_1_118' title='bbox 1193 2013 1212 2037; x_wconf 82' lang='lat'>,</span> 
     </span>
     <span class='ocr_line' id='line_1_19' title="bbox 119 2063 1211 2128; baseline 0.001 -12"><span class='ocrx_word' id='word_1_119' title='bbox 119 2069 284 2128; x_wconf 84' lang='lat' dir='ltr'>Quam</span> <span class='ocrx_word' id='word_1_120' title='bbox 312 2065 354 2116; x_wconf 86' lang='lat' dir='ltr'>si</span> <span class='ocrx_word' id='word_1_121' title='bbox 385 2063 581 2116; x_wconf 86' lang='lat' dir='ltr'>sublimi</span> <span class='ocrx_word' id='word_1_122' title='bbox 614 2065 674 2115; x_wconf 88' lang='lat' dir='ltr'>de</span> <span class='ocrx_word' id='word_1_123' title='bbox 704 2066 839 2116; x_wconf 86' lang='lat' dir='ltr'>trabe</span> <span class='ocrx_word' id='word_1_124' title='bbox 867 2082 988 2117; x_wconf 79' lang='lat' dir='ltr'>nexa</span> <span class='ocrx_word' id='word_1_125' title='bbox 1014 2069 1176 2117; x_wconf 86' lang='lat' dir='ltr'>forent</span> <span class='ocrx_word' id='word_1_126' title='bbox 1194 2084 1211 2117; x_wconf 71' lang='grc' dir='ltr'><strong><em>ε</em></strong></span> 
     </span>
    </p>

    <p class='ocr_par' dir='ltr' id='par_1_11' title="bbox 53 2153 1342 2305">
     <span class='ocr_line' id='line_1_20' title="bbox 53 2153 1342 2218; baseline 0.001 -14"><span class='ocrx_word' id='word_1_127' title='bbox 53 2153 231 2218; x_wconf 83' lang='lat' dir='ltr'>Qualis</span> <span class='ocrx_word' id='word_1_128' title='bbox 255 2153 557 2213; x_wconf 85' lang='lat' dir='ltr'>Anaxaretes</span> <span class='ocrx_word' id='word_1_129' title='bbox 587 2154 761 2201; x_wconf 85' lang='lat' dir='ltr'>fastum</span> <span class='ocrx_word' id='word_1_130' title='bbox 787 2169 906 2217; x_wconf 84' lang='lat' dir='ltr'>puer</span> <span class='ocrx_word' id='word_1_131' title='bbox 936 2153 1068 2208; x_wconf 65' lang='lat' dir='ltr'>ultus,</span> <span class='ocrx_word' id='word_1_132' title='bbox 1092 2171 1303 2206; x_wconf 84' lang='lat' dir='ltr'>amarum</span> <span class='ocrx_word' id='word_1_133' title='bbox 1323 2192 1342 2214; x_wconf 91' lang='lat'><em>‚</em></span> 
     </span>
     <span class='ocr_line' id='line_1_21' title="bbox 117 2239 1209 2305; baseline -0.001 -12"><span class='ocrx_word' id='word_1_134' title='bbox 117 2239 312 2293; x_wconf 84' lang='lat' dir='ltr'>Flebile</span> <span class='ocrx_word' id='word_1_135' title='bbox 339 2254 614 2303; x_wconf 83' lang='lat' dir='ltr'>compressa</span> <span class='ocrx_word' id='word_1_136' title='bbox 639 2242 777 2290; x_wconf 82' lang='lat' dir='ltr'>fauce</span> <span class='ocrx_word' id='word_1_137' title='bbox 803 2240 1039 2305; x_wconf 86' lang='lat' dir='ltr'>pependit</span> <span class='ocrx_word' id='word_1_138' title='bbox 1067 2258 1209 2293; x_wconf 86' lang='lat' dir='ltr'>onus.</span> 
     </span>
    </p>

    <p class='ocr_par' dir='ltr' id='par_1_12' title="bbox 43 2324 1324 2479">
     <span class='ocr_line' id='line_1_22' title="bbox 43 2324 1324 2391; baseline -0.002 -10"><span class='ocrx_word' id='word_1_139' title='bbox 43 2329 221 2381; x_wconf 81' lang='lat' dir='ltr'>Exitus</span> <span class='ocrx_word' id='word_1_140' title='bbox 256 2343 338 2379; x_wconf 84' lang='lat' dir='ltr'>aut</span> <span class='ocrx_word' id='word_1_141' title='bbox 359 2327 432 2378; x_wconf 89' lang='lat' dir='ltr'>sic</span> <span class='ocrx_word' id='word_1_142' title='bbox 463 2344 567 2385; x_wconf 81' lang='lat' dir='ltr'>est,</span> <span class='ocrx_word' id='word_1_143' title='bbox 601 2340 683 2376; x_wconf 83' lang='lat' dir='ltr'>aut</span> <span class='ocrx_word' id='word_1_144' title='bbox 712 2324 779 2375; x_wconf 87' lang='lat' dir='ltr'>sic</span> <span class='ocrx_word' id='word_1_145' title='bbox 810 2329 1070 2391; x_wconf 83' lang='lat' dir='ltr'>sperandus</span> <span class='ocrx_word' id='word_1_146' title='bbox 1102 2328 1283 2388; x_wconf 77' lang='lat' dir='ltr'>amanti</span> <span class='ocrx_word' id='word_1_147' title='bbox 1306 2347 1324 2379; x_wconf 78' lang='lat' dir='ltr'>r</span> 
     </span>
     <span class='ocr_line' id='line_1_23' title="bbox 115 2412 1186 2479; baseline -0.003 -13"><span class='ocrx_word' id='word_1_148' title='bbox 115 2420 167 2467; x_wconf 92' lang='lat' dir='ltr'>O</span> <span class='ocrx_word' id='word_1_149' title='bbox 199 2425 211 2465; x_wconf 72' lang='grc' dir='ltr'>Ξ</span> <span class='ocrx_word' id='word_1_150' title='bbox 242 2429 408 2465; x_wconf 86' lang='lat' dir='ltr'>natum</span> <span class='ocrx_word' id='word_1_151' title='bbox 434 2412 565 2465; x_wconf 89' lang='lat' dir='ltr'>tristi</span> <span class='ocrx_word' id='word_1_152' title='bbox 593 2413 751 2463; x_wconf 84' lang='lat' dir='ltr'>sidere</span> <span class='ocrx_word' id='word_1_153' title='bbox 782 2412 998 2479; x_wconf 83' lang='lat' dir='ltr'>quisquis</span> <span class='ocrx_word' id='word_1_154' title='bbox 1025 2422 1186 2465; x_wconf 79' lang='lat' dir='ltr'>amat!</span> 
     </span>
    </p>

    <p class='ocr_par' dir='ltr' id='par_1_13' title="bbox 43 2497 1355 2653">
     <span class='ocr_line' id='line_1_24' title="bbox 43 2497 1355 2557; baseline -0.001 0"><span class='ocrx_word' id='word_1_155' title='bbox 43 2506 136 2557; x_wconf 81' lang='lat' dir='ltr'>Sed</span> <span class='ocrx_word' id='word_1_156' title='bbox 164 2517 331 2553; x_wconf 86' lang='lat' dir='ltr'>tamen</span> <span class='ocrx_word' id='word_1_157' title='bbox 353 2499 403 2549; x_wconf 89' lang='lat' dir='ltr'>in</span> <span class='ocrx_word' id='word_1_158' title='bbox 432 2499 604 2550; x_wconf 82' lang='lat' dir='ltr'>melius</span> <span class='ocrx_word' id='word_1_159' title='bbox 623 2500 718 2549; x_wconf 86' lang='lat' dir='ltr'>haec</span> <span class='ocrx_word' id='word_1_160' title='bbox 745 2498 944 2549; x_wconf 86' lang='lat' dir='ltr'>nomina</span> <span class='ocrx_word' id='word_1_161' title='bbox 972 2497 1133 2549; x_wconf 79' lang='lat' dir='ltr'>tristia</span> <span class='ocrx_word' id='word_1_162' title='bbox 1158 2518 1355 2556; x_wconf 82' lang='lat' dir='ltr'>vertent</span> 
     </span>
     <span class='ocr_line' id='line_1_25' title="bbox 109 2577 1223 2653; baseline -0.005 -8"><span class='ocrx_word' id='word_1_163' title='bbox 109 2590 344 2650; x_wconf 80' lang='lat' dir='ltr'>Lumina,</span> <span class='ocrx_word' id='word_1_164' title='bbox 373 2577 575 2641; x_wconf 83' lang='lat' dir='ltr'>sidereis</span> <span class='ocrx_word' id='word_1_165' title='bbox 601 2600 701 2653; x_wconf 78' lang='lat' dir='ltr'>quae</span> <span class='ocrx_word' id='word_1_166' title='bbox 724 2583 845 2636; x_wconf 87' lang='lat' dir='ltr'>mihi</span> <span class='ocrx_word' id='word_1_167' title='bbox 871 2601 965 2651; x_wconf 84' lang='lat' dir='ltr'>pro</span> <span class='ocrx_word' id='word_1_168' title='bbox 994 2585 1180 2639; x_wconf 82' lang='lat' dir='ltr'>facibus</span> <span class='ocrx_word' id='word_1_169' title='bbox 1203 2623 1223 2649; x_wconf 84' lang='lat'>‚</span> 
     </span>
    </p>
   </div>
  </div>
 </body>
</html>
