1830 3420
341 254 441 330 ³²
772 224 1311 293 ELEGxffi.

367 406 1723 506 ΧΧΧΧΧΧΧΧᾺΧΧΧΧΧΧΧΧΧ
1776 396 1779 402 ’

563 564 566 569 “
739 588 795 650 Ε.
813 586 860 647 L
885 587 933 648 E
962 586 1023 648 G
1050 588 1078 648 1
1103 588 1163 648 A
1244 589 1272 649 1
1303 588 1391 692 γ.

365 749 525 804 Maius
554 732 647 803 {lit
666 752 866 802 frondes
881 787 896 810 ,
926 751 1062 803 Maio
1082 752 1187 803 sine
1205 754 1389 804 fronde
1414 749 1602 805 virenti

439 842 519 888 Ire
546 841 709 889 nefas:
740 857 845 891 mos
880 837 976 888 hoc
994 877 1010 898 ,
1037 839 1122 890 lux
1149 856 1257 890 mea
1278 877 1296 900 ,
1332 840 1523 906 priscus
1550 839 1699 889 habet.

373 927 530 991 Ergo,
548 941 636 990 age
651 960 665 983 ,
685 941 949 978 certemus:
968 926 1063 977 tihi
1079 964 1093 987 ,
1115 944 1194 978 me
1211 926 1318 977 sine
1332 928 1516 978 fronde
1536 939 1730 989 reperto,

439 1015 618 1062 Munus
644 1014 775 1078 quod
801 1013 997 1064 niveum
1028 1028 1200 1078 pectus
1228 1014 1471 1072 adornet,
1498 1012 1615 1067 erit·

375 1098 620 1163 Corporis
647 1108 708 1149 o!
741 1100 859 1150 felix
892 1100 981 1150 illa
1010 1101 1147 1165 quod
1176 1101 1290 1150 sede
1319 1105 1543 1158 fruetur,

438 1185 590 1246 Cujus
621 1184 680 1234 ab
712 1201 910 1248 aspectu
943 1188 1125 1253 gaudia
1151 1187 1297 1239 mille
1319 1193 1452 1238 fero.

371 1275 452 1332 At
481 1272 573 1324 tibi
600 1273 680 1327 lex
705 1272 804 1322 haec
836 1274 939 1334 sit,
970 1275 1086 1339 folii
1119 1275 1381 1329 viridantis
1412 1289 1467 1324 ut
1495 1271 1646 1333 orba,

416 1348 623 1437 'Oscula
657 1360 850 1430 cogaris
879 1379 997 1412 mox
1026 1363 1139 1413 date
1165 1379 1319 1428 pauca
1348 1359 1469 1412 mihi
1493 1375 1514 1418 3

375 1450 565 1502 Oscula
594 1466 695 1514 quae
723 1448 917 1514 possint
941 1446 1210 1515 fugientem
1235 1449 1410 1500 sistere
1434 1446 1619 1504 vitam,

439 1541 619 1595 Restet
647 1537 730 1588 ubi
761 1534 910 1586 nullis
940 1553 1046 1601 spes
1074 1534 1481 1589 medicaminibus
1499 1571 1515 1594 ,

370 1627 762 1692 Pallidularnque
781 1622 993 1674 animam
1012 1623 1186 1692 Stygiae
1206 1624 1478 1675 subducere
1496 1621 1643 1691 lyntri
1660 1657 1681 1681 ,

389 1699 395 1716 ι
439 1722 494 1768 In
528 1732 630 1766 non
659 1726 997 1765 concessaset
1021 1728 1255 1763 revocare
1284 1710 1417 1764 vias·

365 1802 448 1855 Sic
477 1821 572 1869 ego
599 1820 614 1852 ε
643 1802 870 1865 depresso
901 1796 1087 1848 sic‘lux
1117 1816 1228 1851 mea
1251 1800 1426 1849 retulit
1454 1816 1546 1850 ore

430 1891 631 1949 Pauca²
658 1889 744 1956 sed
768 1884 956 1952 argutis
985 1888 1142 1939 multa
1169 1889 1378 1955 loquens
1409 1885 1605 1939 oculist

363 1977 601 2043 Basiaque
627 2014 643 2035 ,
668 1990 720 2026 et
749 1991 854 2024 mea
884 1992 984 2039 quo
1012 1975 1191 2037 jurabis
1221 1976 1353 2027 basia
1380 1976 1517 2028 vinci
1543 2007 1573 2036 ,-

430 2063 671 2129 Accipies
698 2060 885 2129 aliquid
909 2099 927 2120 ,
956 2061 995 2111 si
1026 2063 1178 2112 modo
1210 2065 1379 2115 victor
1412 2065 1530 2119 eris.

362 2152 509 2205 Dixit
527 2189 544 2213 ,
574 2167 625 2202 et
652 2168 708 2201 os
742 2148 940 2201 avidum
967 2167 1113 2201 roseo
1141 2150 1265 2201 mihi
1294 2153 1523 2205 molliter
1551 2172 1637 2207 ore

427 2240 638 2299 Pressit,
666 2254 746 2300 et,
778 2237 874 2286 hoc
895 2251 1012 2298 cape
1029 2251 1158 2285 nunc
1179 2271 1196 2295 ‚
1228 2253 1393 2289 cetera
1424 2239 1622 2301 victor,
1645 2240 1721 2291 ait.

359 2323 541 2379 Victor
567 2344 652 2379 ero
685 2328 853 2384 certe,
883 2340 972 2373 nec
994 2340 1149 2388 -opem
1181 2325 1439 2391 Cytherea
1467 2329 1696 2397 negabis,

426 2414 473 2463 Si
503 2430 587 2465 tua
606 2450 620 2472 ,
649 2413 692 2483 si
720 2412 823 2463 nati
851 2411 1053 2467 numina
1078 2425 1242 2461 sancta
1276 2412 1418 2465 colo·

357 2502 492 2553 Tunc
524 2516 621 2566 ego
648 2498 841 2551 lascivae
874 2517 1055 2566 potero
1087 2500 1392 2568 contendere
1426 2500 1564 2563 viti,

414 2588 539 2656 *Quae
567 2602 618 2640 se
645 2583 823 2640 vicinis
853 2586 1081 2654 implicat
1111 2584 1400 2641 arboribus·
